<?xml version="1.0" encoding="UTF-8"?><collection xmlns="http://www.loc.gov/MARC21/slim"><record><leader>00630nam--2200193-i-4500</leader><controlfield tag="001">000017332</controlfield><controlfield tag="002">20161230</controlfield><controlfield tag="005">20161230201032</controlfield><controlfield tag="008">060222s1000------------r-----000-0-rum-d</controlfield><datafield ind1=" " ind2=" " tag="040"><subfield code="a">IFIN-HH</subfield></datafield><datafield ind1=" " ind2=" " tag="041"><subfield code="a">rum</subfield></datafield><datafield ind1=" " ind2=" " tag="080"><subfield code="a">504.3.054:537.5(043)</subfield></datafield><datafield ind1="1" ind2=" " tag="100"><subfield code="a">Radoiu, Marilena T</subfield></datafield><datafield ind1="1" ind2="0" tag="245"><subfield code="a">Depoluarea gazelor de ardere prin precipitarea oxizilor de sulf si azot cu ajutorul electronilor accelerati</subfield><subfield code="b">Teza</subfield><subfield code="c">Marilena t. radoiu</subfield></datafield><datafield ind1=" " ind2=" " tag="260"><subfield code="a">Bucuresti</subfield><subfield code="b">Universitatea Politehnica</subfield><subfield code="c">1998</subfield></datafield><datafield ind1=" " ind2=" " tag="300"><subfield code="a">171 P</subfield></datafield><datafield ind1=" " ind2=" " tag="502"><subfield code="a">Conducator Stiintific: Prof.Dr.Iulia I. Georgescu</subfield></datafield><datafield ind1=" " ind2=" " tag="852"><subfield code="a">80890</subfield><subfield code="c">537.52</subfield></datafield><datafield ind1=" " ind2=" " tag="CAT"><subfield code="a">Sys</subfield><subfield code="c">20110805</subfield><subfield code="h">124118</subfield></datafield></record></collection>